<record><leader>00000cas a22000007a 4500</leader><controlfield tag="001">1757067</controlfield><controlfield tag="008">751101d19181951mnuwr ne      0    0eng d</controlfield><datafield ind1=" " ind2=" " tag="010"><subfield code="a">sn 89064865 </subfield></datafield><datafield ind1=" " ind2=" " tag="040"><subfield code="a">MUL</subfield><subfield code="b">eng</subfield><subfield code="c">MUL</subfield><subfield code="d">MN#</subfield><subfield code="d">OCLCQ</subfield><subfield code="d">OCLCF</subfield><subfield code="d">OCLCO</subfield></datafield><datafield ind1=" " ind2=" " tag="042"><subfield code="a">msc</subfield></datafield><datafield ind1=" " ind2=" " tag="043"><subfield code="a">n-us-mn</subfield></datafield><datafield ind1=" " ind2=" " tag="052"><subfield code="a">4144</subfield><subfield code="b">L6</subfield></datafield><datafield ind1=" " ind2=" " tag="052"><subfield code="a">4143</subfield><subfield code="b">M45</subfield></datafield><datafield ind1="0" ind2=" " tag="130"><subfield code="a">Meeker County news (Litchfield, Minn. : 1918)</subfield></datafield><datafield ind1="1" ind2="0" tag="245"><subfield code="a">Meeker County news.</subfield></datafield><datafield ind1=" " ind2=" " tag="260"><subfield code="a">Litchfield, Minn. :</subfield><subfield code="b">Meeker County Farmers Pub. Co.,</subfield><subfield code="c">-1951.</subfield></datafield><datafield ind1=" " ind2=" " tag="300"><subfield code="a">v.</subfield></datafield><datafield ind1=" " ind2=" " tag="310"><subfield code="a">Weekly</subfield></datafield><datafield ind1="1" ind2=" " tag="362"><subfield code="a">Began in 1918.</subfield></datafield><datafield ind1="0" ind2=" " tag="362"><subfield code="a">-v. 55, no. 26 (June 28, 1951).</subfield></datafield><datafield ind1=" " ind2=" " tag="500"><subfield code="a">Description based: Vol. 32, no. 7 (Mar. 18, 1926).</subfield></datafield><datafield ind1=" " ind2=" " tag="515"><subfield code="a">Publication suspended Apr. 27, 1944-May 23, 1946, due to wartime labor shortage.</subfield></datafield><datafield ind1=" " ind2=" " tag="530"><subfield code="a">Available on microfilm from the Minnesota Historical Society.</subfield></datafield><datafield ind1=" " ind2="0" tag="651"><subfield code="a">Litchfield (Minn.)</subfield><subfield code="v">Newspapers.</subfield></datafield><datafield ind1=" " ind2="7" tag="655"><subfield code="a">Newspapers.</subfield><subfield code="2">fast</subfield><subfield code="0">(OCoLC)fst01423814</subfield></datafield><datafield ind1=" " ind2="7" tag="651"><subfield code="a">Minnesota</subfield><subfield code="z">Litchfield.</subfield><subfield code="2">fast</subfield><subfield code="0">(OCoLC)fst01236185</subfield></datafield><datafield ind1=" " ind2=" " tag="752"><subfield code="a">United States</subfield><subfield code="b">Minnesota</subfield><subfield code="c">Meeker</subfield><subfield code="d">Litchfield.</subfield></datafield><datafield ind1="0" ind2="0" tag="780"><subfield code="t">Dassel anchor</subfield><subfield code="w">(DLC)sn 89064852</subfield></datafield><datafield ind1="0" ind2="4" tag="785"><subfield code="t">Independent review (Litchfield, Minn. : 1939)</subfield><subfield code="w">(DLC)sn 89064871</subfield></datafield></record>